@book{lee,
  author        = {Shalev-Schwartz and Ben-David},
  title         = {Understanding Machine Learning - from theory to algorithms},
  year          = {2014}
}
